<?xml version="1.0" encoding="UTF-8"?><collection xmlns="http://www.loc.gov/MARC21/slim"><record><leader>00343nam--2200121-i-4500</leader><controlfield tag="001">000043601</controlfield><controlfield tag="002">20161230</controlfield><controlfield tag="005">20161230201044</controlfield><controlfield tag="008">060222s1000------------r-----000-0-eng-d</controlfield><datafield ind1=" " ind2=" " tag="100"><subfield code="a">Tanasescu,I., M.Ionescu</subfield></datafield><datafield ind1=" " ind2=" " tag="245"><subfield code="a">Lucrari practice de chimie organica. analiza cantitativa organica</subfield></datafield><datafield ind1=" " ind2=" " tag="260"><subfield code="a">Bucuresti, Ed.Tehnica, 1957. 248 P</subfield></datafield><datafield ind1=" " ind2=" " tag="852"><subfield code="a">4641</subfield></datafield></record></collection>